@misc{Garrett2005,
      author = "Garrett J",
      title = "AJAX: A New Approach to Web Applications",
      month = "Feb",
      year = "2005",
      url = "http://www.adaptivepath.com/ideas/essays/archives/000385.php"
}
@inproceedings{Mesbah2007,
  title={An Architectural Style for Ajax},
  author={Mesbah A, Arie V D},
  booktitle={Proceedings of the 6th Working IEEE/IFIP Conference on Software Architecture},
  pages={44-53},
  year={2007},
  address = {Mumbai, India},
  organization={IEEE}
}

